@INPROCEEDINGS{Bay06surf:speeded,
    author = {Herbert Bay and Tinne Tuytelaars and Luc Van Gool},
    title = {Surf: Speeded up robust features},
    booktitle = {ECCV},
    year = {2006},
    pages = {404--417}
}

@ARTICLE{Lindeberg93detectingsalient,
    author = {Tony Lindeberg},
    title = {Detecting Salient Blob-Like Image Structures and Their Scales with a Scale-Space Primal Sketch: A Method for Focus-of-Attention},
    journal = {International Journal of Computer Vision},
    year = {1993},
    volume = {11},
    pages = {283--318}
}

@ARTICLE{Lindeberg98featuredetection,
    author = {Tony Lindeberg},
    title = {Feature Detection with Automatic Scale Selection},
    journal = {International Journal of Computer Vision},
    year = {1998},
    volume = {30},
    pages = {79--116}
}

@INPROCEEDINGS{Viola01rapidobject,
    author = {Paul Viola and Michael Jones},
    title = {Rapid object detection using a boosted cascade of simple features},
    booktitle = {CVPR},
    year = {2001},
    pages = {511--518}
}

@INPROCEEDINGS{Brown02invariantfeatures,
    author = {Matthew Brown and David Lowe},
    title = {Invariant Features from Interest Point Groups},
    booktitle = {British Machine Vision Conference},
    year = {2002},
    pages = {656--665}
}

@ARTICLE{Lowe04distinctiveimage,
    author = {David G. Lowe},
    title = {Distinctive Image Features from Scale-Invariant Keypoints},
    journal = {International Journal of Computer Vision},
    year = {2004},
    volume = {60},
    pages = {91--110}
}
